<record><leader>00000cas a2200000 a 4500</leader><controlfield tag="001">14375554</controlfield><controlfield tag="008">861010c19499999wauwr ne      0    0eng d</controlfield><datafield ind1=" " ind2=" " tag="010"><subfield code="a">sn 88085491 </subfield></datafield><datafield ind1=" " ind2=" " tag="040"><subfield code="a">WAU</subfield><subfield code="b">eng</subfield><subfield code="c">WAU</subfield><subfield code="d">SLZ</subfield><subfield code="d">NVB</subfield><subfield code="d">SLZ</subfield><subfield code="d">OCL</subfield><subfield code="d">OCLCQ</subfield><subfield code="d">OCLCF</subfield><subfield code="d">OCLCO</subfield></datafield><datafield ind1="1" ind2=" " tag="029"><subfield code="a">AU@</subfield><subfield code="b">000020496975</subfield></datafield><datafield ind1=" " ind2=" " tag="042"><subfield code="a">msc</subfield></datafield><datafield ind1=" " ind2=" " tag="043"><subfield code="a">n-us-wa</subfield></datafield><datafield ind1=" " ind2="4" tag="050"><subfield code="a">AN2.R6</subfield><subfield code="b">R4</subfield></datafield><datafield ind1="0" ind2=" " tag="130"><subfield code="a">Standard-register (Rockford, Wash.)</subfield></datafield><datafield ind1="1" ind2="0" tag="245"><subfield code="a">Standard-register.</subfield></datafield><datafield ind1=" " ind2=" " tag="260"><subfield code="a">Rockford, Wash. :</subfield><subfield code="b">D.A. Fyta</subfield></datafield><datafield ind1=" " ind2=" " tag="300"><subfield code="a">v.</subfield></datafield><datafield ind1=" " ind2=" " tag="310"><subfield code="a">Weekly</subfield></datafield><datafield ind1="0" ind2=" " tag="362"><subfield code="a">Vol. 1, no. 1 (Jan. 7, 1949)-</subfield></datafield><datafield ind1=" " ind2=" " tag="500"><subfield code="a">Published: Fairfield, Wash., -June 1978; Tekoa, Wash., July 1978-</subfield></datafield><datafield ind1=" " ind2=" " tag="500"><subfield code="a">Sometimes published in two eds.: Spokane County ed., serving Rockford &amp; Fairfield; and, Whitman County ed., serving Tekoa.</subfield></datafield><datafield ind1=" " ind2=" " tag="580"><subfield code="a">Absorbed: Plummer post, Aug. 13, 1954.</subfield></datafield><datafield ind1=" " ind2="0" tag="651"><subfield code="a">Rockford (Wash.)</subfield><subfield code="v">Newspapers.</subfield></datafield><datafield ind1=" " ind2="0" tag="651"><subfield code="a">Fairfield (Wash.)</subfield><subfield code="v">Newspapers.</subfield></datafield><datafield ind1=" " ind2="0" tag="651"><subfield code="a">Tekoa (Wash.)</subfield><subfield code="v">Newspapers.</subfield></datafield><datafield ind1=" " ind2="0" tag="651"><subfield code="a">Plummer (Idaho)</subfield><subfield code="v">Newspapers.</subfield></datafield><datafield ind1=" " ind2="7" tag="655"><subfield code="a">Newspapers.</subfield><subfield code="2">fast</subfield><subfield code="0">(OCoLC)fst01423814</subfield></datafield><datafield ind1=" " ind2="7" tag="651"><subfield code="a">Idaho</subfield><subfield code="z">Plummer.</subfield><subfield code="2">fast</subfield><subfield code="0">(OCoLC)fst01303358</subfield></datafield><datafield ind1=" " ind2="7" tag="651"><subfield code="a">Washington (State)</subfield><subfield code="z">Fairfield.</subfield><subfield code="2">fast</subfield><subfield code="0">(OCoLC)fst01268227</subfield></datafield><datafield ind1=" " ind2="7" tag="651"><subfield code="a">Washington (State)</subfield><subfield code="z">Rockford.</subfield><subfield code="2">fast</subfield><subfield code="0">(OCoLC)fst01252710</subfield></datafield><datafield ind1=" " ind2="7" tag="651"><subfield code="a">Washington (State)</subfield><subfield code="z">Tekoa.</subfield><subfield code="2">fast</subfield><subfield code="0">(OCoLC)fst01871695</subfield></datafield><datafield ind1=" " ind2=" " tag="752"><subfield code="a">United States</subfield><subfield code="b">Washington</subfield><subfield code="c">Whitman</subfield><subfield code="d">Rockford.</subfield></datafield><datafield ind1=" " ind2=" " tag="752"><subfield code="a">United States</subfield><subfield code="b">Washington</subfield><subfield code="c">Whitman</subfield><subfield code="d">Fairfield.</subfield></datafield><datafield ind1=" " ind2=" " tag="752"><subfield code="a">United States</subfield><subfield code="b">Washington</subfield><subfield code="c">Whitman</subfield><subfield code="d">Tekoa.</subfield></datafield><datafield ind1=" " ind2=" " tag="752"><subfield code="a">United States</subfield><subfield code="b">Idaho</subfield><subfield code="c">Benewah</subfield><subfield code="d">Plummer.</subfield></datafield><datafield ind1="0" ind2="0" tag="780"><subfield code="t">Rockford register</subfield></datafield><datafield ind1="0" ind2="5" tag="780"><subfield code="t">Tekoa sentinel</subfield><subfield code="w">(DLC)sn 88085497</subfield></datafield><datafield ind1="0" ind2="5" tag="780"><subfield code="t">Citizen-journal (Rosalia, Wash.)</subfield><subfield code="w">(DLC)sn 88085490</subfield></datafield><datafield ind1="0" ind2="5" tag="780"><subfield code="t">Advocate (Palouse, Wash.)</subfield><subfield code="w">(DLC)sn 88085492</subfield></datafield><datafield ind1="1" ind2="5" tag="780"><subfield code="t">Plummer post</subfield><subfield code="w">(DLC)sn 89055076</subfield></datafield></record>